@article{memoria,
    author  = "Nate-Gentile ",
    title   = "¿¿POR QUÉ TANTAS MEMORIAS??",
    year    = "2017",
    url     ="https://www.youtube.com/watch?v=IwUq0RiUank"
}
@Article{tipos,
  author =       "Curso-Tecnologia ",
  title =        "{"Tipos de Memorias en una Computadora"}",
  year =         "2020",
  url =          "https://www.youtube.com/watch?v=GaEP3IbEmkA"
} 

